@misc{wisconsin-bvh,
    author = "UW-CS",
    title = "{University of Winconsin-Madison} Biovision BVH", 
    howpublished = {\url{http://research.cs.wisc.edu/graphics/Courses/cs-838-1999/Jeff/BVH.html}},
    year = "2016",
    note = "Accesado el 09/05/2016"
}

@misc{huntley,
    author = "Tim Huntley",
    title = "Usain Bolt: 41 Steps for 100 Meters - I Take 57",
    howpublished = "\url{http://myathleticlife.com/2012/08/usain-bolt-41-steps-100-meters/}",
    year = "2016",
    note = "Accesado el 31/07/2016"
}

@misc{andreas,
    author = "Andreas",
    title = "The Matrix nd Quaternions FAQ",
    howpublished = "\url{http://www.opengl-tutorial.org/assets/faq_quaternions/index.html}",
    year = "2002",
    note = "Accesado el 09/05/2016"
}

@book{perry,
    author    = "Jacquelin Perry",
    title     = "Gait Analysis: Normal and Pathological Function",
    publisher = "SLACK Inc",
    year      = "1992",
    address   = "New York"
}

@book{giancoli,
    author    = "Giancoli C. Douglas",
    title     = "Física: Principios con aplicaciones",
    publisher = "PEARSON EDUCACIÓN",
    year      = "2006",
    edition   = "Sexta",
    address   = "México"
}

@inbook{sangeux,
    author    = "Morgan Sangeux and Stephane Armand",
    editor    = "Federico Canavase and Jacques Deslandes",
    title     = "Kinematic Deviations in Children with Cerebral Palsy",
    chapter   = "18",
    pages     = "241-253",
    publisher = "Nova Science Publishers, Inc.",
    year      = "2015"
}

$@article{,
    author  = "",
    title   = "",
    journal = "",
    volume  = "",
    number  = "",
    pages   = "",
    year    = ""
}

@article{scholkmann,
    author  = "Felix Scholkmann and Jens Boss and Martin Wolf",
    title   = "An Efficient Algorithm for Automatic Peak Detection in Noisy Periodic and Quasi-Periodic Signals",
    journal = "Algorithms",
    volume  = "5",
    number  = "November",
    pages   = "588-603",
    year    = "2012"
}

@article{flora,
    author  = "Jeffrey B. Flora and Darrel F. Lochtefeld and Dustin A. Bruening and Khan M. Iftekharuddin",
    title   = "Improved Gender Classification Using Nonpathological Gait Kinematics in Full-Motion Video",
    journal = "Human-Machine Systems, IEEE Transactions on",
    volume  = "45",
    number  = "3",
    pages   = "304-315",
    year    = "2015"
}

@article{bruijn,
    author  = "Sjoerd M. Bruijn and Onno G. Meijer and Peter J. Beek and Jaap H. van Dieen",
    title   = "The effect of arm swing on human gait stability",
    journal = "The Journal of Experimental Biology",
    volume  = "113",
    pages   = "3945-3952",
    year    = "2010"
}

@article{punt,
    author  = "Michiel Punt and Sjoerd M. Bruijn and Harriet Wittink and Jaap H. van Dieen",
    title   = "Efect of arm swing strategy on local dynamic stability of human gait",
    journal = "Gait and Posture",
    volume  = "41",
    pages   = "504-509",
    year    = "2015"
}

@article{franklin,
    author  = "Simon Franklin and Michael J Grey and Nicola Heneghan and Laura Bowen and Francois-Xavier Li",
    title   = "Barefoot vs common footwear: A systematic review fo the kinematic, kinetic and muscle activity differences during walking",
    journal = "Gait and Posture",
    volume  = "42",
    pages   = "230-239",
    year    = "2015"
}


@article{cuaya,
    author  = "German Cuaya and Angélica Muñoz Meléndez and Lidia Nuñez Carrera and Eduardo F. Morales and Ivett Quiñones and Alberto I. Pérez and aldo Alessi",
    title   = "A dynamic Bayesian network for estimating the risk of falls from real gait data",
    journal = "Medical and Biological Engineering and Computing",
    volume  = "51",
    pages   = "29-37",
    year    = "2013"
}


@conference{prakash,
    author  = "Chandra Prackash and Anshul Mittal and Rajesh Kumar and Namita Mittal",
    title   = "Identification of spatio-Temporal and Kinematics Parameters for 2-D Optical Gait Analysis System using Passive Markers",
    booktitle = "Computer Engineering and Applications, 2015 Internationa Conference on Advanes in",
    pages   = "143-149",
    year    = "2015"
}

@conference{escoliosis,
    author = "Elvira Chaves and Sofía Fonseca and Juan José Delgado and Luis Mora and Fransico Siles",
    title = "Diagnóstico diferencial de la escoliosis mediante sistema de captura de movimiento óptico",
    booktitle = "Congreso de Estuduantes de Centroamérica y Panamá de IEEE y Carreras afines",
    year = "2015"
}

@article{mazza,
    author  = "Clauda Mazza and Marco Losa and Pietro Picerno and Aurelio Cappozzo",
    title   = "Gender differences in the control of the upper body accelerations during level walking",
    journal = "Gait and Posture",
    volume  = "29",
    pages   = "300-303",
    year    = "2009"
}


@article{latt,
    author  = "Mark Latt and Hylton Menz and Victor Fung and Stephen Lord",
    title   = "Walking speed, cadence and step lenghth are selected to optimize the stability of head and pelvis accelerations",
    journal = "Expositions of Brain Research",
    volume  = "184",
    pages   = "201-209",
    year    = "2008"
}


@article{muro,
    author  = "Alvaro Muro de la Herran and Begonya García Zapirain and Amaia Mendez Zorrilla",
    title   = "Gait Analysis Methods: An Overview of Wearable and Non-Wearable Systems, Highlighting Clinical Applications",
    journal = "Sensors",
    volume  = "14",
    pages   = "3362-3394",
    year    = "2014"
}


@conference{vieira,
    author  = "Alexandra Vieira and Heloísa Sobral and Joao P. Ferreira and Paulo Ferreira and Stephane Cruz and Manuel Crisóstomo and Paulo Coimbra",
    title   = "Software for human gait analysis and classification",
    booktitle = "BioEngineering Meeting, 2015 IEEE 4th Portuguese",
    year    = "2015"
}


@conference{senanayake,
    author  = "C. Senanayake and S. M. N. A. Senanayake",
    title   = "Human Asisted Tools for Gait Analysis and Intelligent Gait Phase Detection",
    booktitle = "CITISIA 2009. Innovative Technologies in Intelligent Systems and Industrial Applications, Conference on",
    pages   = "230-236",
    year    = "2009"
}


@inproceedings{yang2,
    author = "C. Yang and U. Ugbolue and B. Carse and V. Stankovic and L. Stankovic and P. Rowe",
    title = "Multiple marker trakcing in a single-camera system for gait analysis",
    booktitle = "Image Processing (ICIP), 2013 20th IEEE International Conference on",
    pages = "3128-3131",
    year = "2013"
}

@inproceedings{razali,
    author = "Nor Shahidaya Razali and Azizah Abd. Manaf",
    title = "Gait Recognition using Motion Capture Data",
    booktitle = "Informatics and Systems, 8th International Conference on",
    pages = "67-71",
    year = "2016"
}

@inproceedings{hong,
    author = "Jie Hong and Jinsheng Kang and Micheal E. Price",
    title  = "Gait Analysis and Identificacion",
    booktitle = "Automation and Computing, 18th International Conference on",
    year = "2012"
}

@inproceedings{lei,
    author = "Jieyu Lei and Qiuguo Zhu and Jun Wu and Rong Xiong",
    title = "Gait analysis of human locomotion based on motion capture system",
    booktitle = "Industrial Electronics and Applications (ICIEA), 2014 IEEE 9th Conference",
    pages = "765-769",
    year  = "2014"
}

@inproceedings{choi,
    author = "Woong Choi and Liang Li and Hiroyuki Sekiguchi and Kozaburo Hachmura",
    title = "Recognition of Gait Motion by using Data Mining",
    booktitle = "Control, Automation and Systems, 2013 13th Internation Conference on",
    pages = "1213-1217",
    year = "2013"
}

@inproceedings{gong,
    author = "Daoxiong Gong and Long Fu and Guoyu Zuo and Yuqian Du",
    title  = "Motion capture data reveal the important role of waist flexibility in human gait",
    booktitle = "Cyber Technology in Automation, Control and Intelligent Systems, The 5th Annual IEEE International Conference on",
    pages = "1864-1869",
    year  = "2015",
}

@inproceedings{hu,
    author =  "Xinyao Hu and Cheng Yao and Gim Song Soh",
    title = "Performance Evaluation of Lower Limb Ambulatory Measurement Using Reduced Inertial Measurment Units and 3R Gait Model",
    booktitle = "Rehabilitation Robotics (ICORR), 2015 IEEE International Conferences on Rehabilitation Robotics",
    pages = "549-554",
    year = "2015"
}

@article{yang,
    author  = "Wen-chieh Yang and Wei-Li Hsu and Ruey-Meei Wu and Tung-Wu Lu and Kwan-Hwa Lin",
    title   = "Motion analysis of axial rotation and gait stability during turning in people with Parkinson's disease",
    journal = "Gait and Posture",
    volume  = "44",
    pages   = "83-88",
    year    = "2016"
}


@article{forneris,
    author  = "E. Forneris and A. Andreacchio and B. Pollio and C. Mannucci and M. Franchini and C. Mengoli and M. Pagliarino and M. Messina",
    title   = "Gai analysis in children with haemophilia: first italian experience at the Turin Haemophilia centre",
    journal = "Haemophilia",
    pages   = "1-8",
    year    = "2016"
}


@article{wu,
    author  = "Yunfeng Wu and Sridhar Krishnan",
    title   = "Computer-aided analysis of gait rhythm fluctuations in amyotrophic lateral sclerosis",
    journal = "Medical and Biological Engineering Computing",
    volume  = "47",
    pages   = "1165-1171",
    year    = "2009"
}


@article{christian,
    author  = "Josef Christian and Josef Kroll and Gerda Strutzenbeger and Nathalie Alexander and Michle Ofner and Hermann Schwameder",
    title   = "Computer aided analysis of gait patterns in patients with acute anterior cruciate ligament injuty",
    journal = "Gait and Posture",
    volume  = "33",
    pages   = "55-60",
    year    = "2016"
}

@article{eskinazi,
    author  = "Ilan Eskinazi and Benjamin Fregly",
    title   = "An Open-Source Toolbox for Surrogate Modeling of Joint Contact Mechanics",
    journal = "Biomedical Engineering, IEEE Transactions on",
    volume  = "63",
    number  = "2",
    pages   = "269-278",
    year    = "2016"
}

@article{dejnabadi,
    author  = "Hooman Dejnabadi and Brigitte Jolles and Kamir Aminian",
    title   = "A new Approach for Quantitative Analysis of Inter-Joint Coordination During Gait",
    journal = "Biomedical Engineering, IEEE Transactions on",
    volume  = "55",
    number  = "2",
    pages   = "755-765",
    year    = "2008"
}

@conference{hayla,
    author  = "Abi Hayla Myriam and Ghoussayni Salim and Ewins David and Khalil Mohammad",
    title   = "An automated method for analysis of gait data to aid clinical interpretation",
    booktitle = "Biomedical Engineering, Middle East Conference on",
    pages   = "119-121",
    year    = "2011"
}

@article{mrozowski,
    author  = "Jerzy Mrozowski and Jan Awrejcewicz and Piotr Bamberski",
    title   = "Analisys of Stability of the Human Gait",
    journal = "Journal of Theoretical and Applied Mechanics",
    volume  = "1",
    number  = "45",
    pages   = "91-98",
    year    = "2007"
}

@article{ren,
    author  = "Peng Ren and Weihua Zhao and Zhiying Zhao and Maria Bringas-Vega and Pedro Valdes-Sosa and Keith Kendrick",
    title   = "Analysis of Gait Rhythm Fluctuations for Neurodegenerative Diseases by Phase Synchronization and Conditional Entropy",
    journal = "Neuronal Systems and Rehabilitation Engineering, IEEE Transactions on",
    volume  = "24",
    number  = "2",
    pages   = "291-299",
    year    = "2016"
}

@conference{mizoguchi,
    author  = "Takahiro Mizoguchi and Sheng Cao and Zhiwei Luo and Keiji Fujino and Nobuyuki Kurusu",
    title   = "Biomechanical Measurement and Analysis of Human Two-Step Test",
    booktitle = "Robotics and Biomimetics, IEEE International Conference on",
    pages = "1499-1504",
    year    = "2014"
}

@article{li,
    author  = "Yu-Ren Li and Shaou-Gang Miaou and Charles Kater Hung and Julius Tube Sese",
    title   = "A Gait Analysis System Using Two Cameras with Orthogonal View",
    journal = "Dept. of Electronic Engineering, Chung Yuan Christian University, Taiwan",
    year    = "2011"
}

@article{hoang,
    author  = "Hoang Anh Nguyen and Jean Meunier",
    title   = "Video-based analysis of gait with side views",
    journal = "Image Processing Tehory, Tools and Applicatons",
    year    = "2014"
}

@conference{menguc,
    author  = "Yigit Menguc and Yong-Lae Park and Ernesto Martinez-Villalpando and Patric Aubin and Leia Stirling and Robert Wood and Conor Walsh",
    title   = "Soft Wearable Motion Sensing Suit for Lower Limb Biomechanics Measurments",
    booktitle = "Robotics and Automation, IEEE International Conference on",
    pages   = "5309-5316",
    year    = "2013"
}

@article{krigslund,
    author  = "R. Krigslund and S. Dosen and P. Popovski and J. Dideriksen and G. Pedersen and D. Farina",
    title   = "A Novel Technology for Motion Capture Using Passive UHF RFID Tags",
    journal = "IEEE Transactions on Biomedical Engineering",
    volume  = "60",
    number  = "5",
    pages   = "1453-1458",
    year    = "2013"
}

@article{yuan,
    author  = "Qilon Yuan and L-Ming Chen",
    title   = "3-D Localization of Human Based on Inertial Capture System",
    journal = "IEEE Transacions on Robotics",
    volume  = "29",
    number  = "3",
    pages   = "806-813",
    year    = "2013"
}

@article{arif,
    author  = "M. Arif and Y. Ohtaki and R. Nagatomi and H Inooka",
    title   = "Estimation of the Effect of Cadence on Gait Stability in Young and Elderly People using Approximate Entropy Technique",
    journal = "Measurement Science Review",
    volume  = "4",
    pages   = "29-40",
    year    = "2004"
}

@article{menz,
    author  = "Hylton Menz and Stephen Lord and Richard Fitzpatric",
    title   = "Acceleration patterns of the head and pelvis when walkin on level and irregular surfaces",
    journal = "Gait and Posture",
    number  = "18",
    pages   = "35-46",
    year    = "2003"
}
